%YAML 1.1
%TAG !u! tag:unity3d.com,2011:
--- !u!1 &3158290529860050784
GameObject:
  m_ObjectHideFlags: 0
  m_CorrespondingSourceObject: {fileID: 0}
  m_PrefabInstance: {fileID: 0}
  m_PrefabAsset: {fileID: 0}
  serializedVersion: 6
  m_Component:
  - component: {fileID: 8811791237012626058}
  - component: {fileID: 8815449011160037086}
  m_Layer: 0
  m_Name: ObstacleSplittedDonutPool
  m_TagString: Untagged
  m_Icon: {fileID: 0}
  m_NavMeshLayer: 0
  m_StaticEditorFlags: 0
  m_IsActive: 1
--- !u!4 &8811791237012626058
Transform:
  m_ObjectHideFlags: 0
  m_CorrespondingSourceObject: {fileID: 0}
  m_PrefabInstance: {fileID: 0}
  m_PrefabAsset: {fileID: 0}
  m_GameObject: {fileID: 3158290529860050784}
  m_LocalRotation: {x: 0, y: 0, z: 0, w: 1}
  m_LocalPosition: {x: 0, y: 0, z: 0}
  m_LocalScale: {x: 1, y: 1, z: 1}
  m_Children: []
  m_Father: {fileID: 7518423018714756513}
  m_RootOrder: 2
  m_LocalEulerAnglesHint: {x: 0, y: 0, z: 0}
--- !u!114 &8815449011160037086
MonoBehaviour:
  m_ObjectHideFlags: 0
  m_CorrespondingSourceObject: {fileID: 0}
  m_PrefabInstance: {fileID: 0}
  m_PrefabAsset: {fileID: 0}
  m_GameObject: {fileID: 3158290529860050784}
  m_Enabled: 1
  m_EditorHideFlags: 0
  m_Script: {fileID: 11500000, guid: 85a269e6c8986864ea13fd99abc953ac, type: 3}
  m_Name: 
  m_EditorClassIdentifier: 
  prefab: {fileID: 2629948011698997954, guid: a8cc82e8f0c438d4ba5a48b607a75af3, type: 3}
  policy: 0
  maxCapacity: 100
  preloadAmount: 6
  onMaxCapacityReached:
    m_PersistentCalls:
      m_Calls: []
    m_TypeName: UnityEngine.Events.UnityEvent, UnityEngine.CoreModule, Version=0.0.0.0,
      Culture=neutral, PublicKeyToken=null
  unavailableObjects: []
  availableObjects: []
--- !u!1 &3719013867566110108
GameObject:
  m_ObjectHideFlags: 0
  m_CorrespondingSourceObject: {fileID: 0}
  m_PrefabInstance: {fileID: 0}
  m_PrefabAsset: {fileID: 0}
  serializedVersion: 6
  m_Component:
  - component: {fileID: 5321819829660882412}
  - component: {fileID: 1072400289790505300}
  m_Layer: 0
  m_Name: ObstacleMinimalDonutPool
  m_TagString: Untagged
  m_Icon: {fileID: 0}
  m_NavMeshLayer: 0
  m_StaticEditorFlags: 0
  m_IsActive: 1
--- !u!4 &5321819829660882412
Transform:
  m_ObjectHideFlags: 0
  m_CorrespondingSourceObject: {fileID: 0}
  m_PrefabInstance: {fileID: 0}
  m_PrefabAsset: {fileID: 0}
  m_GameObject: {fileID: 3719013867566110108}
  m_LocalRotation: {x: 0, y: 0, z: 0, w: 1}
  m_LocalPosition: {x: 0, y: 0, z: 0}
  m_LocalScale: {x: 1, y: 1, z: 1}
  m_Children: []
  m_Father: {fileID: 7518423018714756513}
  m_RootOrder: 3
  m_LocalEulerAnglesHint: {x: 0, y: 0, z: 0}
--- !u!114 &1072400289790505300
MonoBehaviour:
  m_ObjectHideFlags: 0
  m_CorrespondingSourceObject: {fileID: 0}
  m_PrefabInstance: {fileID: 0}
  m_PrefabAsset: {fileID: 0}
  m_GameObject: {fileID: 3719013867566110108}
  m_Enabled: 1
  m_EditorHideFlags: 0
  m_Script: {fileID: 11500000, guid: 85a269e6c8986864ea13fd99abc953ac, type: 3}
  m_Name: 
  m_EditorClassIdentifier: 
  prefab: {fileID: 6266190254734219514, guid: 5241b2e5e96ae4646973efaef9e598b6, type: 3}
  policy: 0
  maxCapacity: 100
  preloadAmount: 6
  onMaxCapacityReached:
    m_PersistentCalls:
      m_Calls: []
    m_TypeName: UnityEngine.Events.UnityEvent, UnityEngine.CoreModule, Version=0.0.0.0,
      Culture=neutral, PublicKeyToken=null
  unavailableObjects: []
  availableObjects: []
--- !u!1 &3927670093449899861
GameObject:
  m_ObjectHideFlags: 0
  m_CorrespondingSourceObject: {fileID: 0}
  m_PrefabInstance: {fileID: 0}
  m_PrefabAsset: {fileID: 0}
  serializedVersion: 6
  m_Component:
  - component: {fileID: 7918136195464612502}
  - component: {fileID: 6085969432380232232}
  m_Layer: 0
  m_Name: ObstacleTubePool
  m_TagString: Untagged
  m_Icon: {fileID: 0}
  m_NavMeshLayer: 0
  m_StaticEditorFlags: 0
  m_IsActive: 1
--- !u!4 &7918136195464612502
Transform:
  m_ObjectHideFlags: 0
  m_CorrespondingSourceObject: {fileID: 0}
  m_PrefabInstance: {fileID: 0}
  m_PrefabAsset: {fileID: 0}
  m_GameObject: {fileID: 3927670093449899861}
  m_LocalRotation: {x: 0, y: 0, z: 0, w: 1}
  m_LocalPosition: {x: 0, y: 0, z: 0}
  m_LocalScale: {x: 1, y: 1, z: 1}
  m_Children: []
  m_Father: {fileID: 7518423018714756513}
  m_RootOrder: 4
  m_LocalEulerAnglesHint: {x: 0, y: 0, z: 0}
--- !u!114 &6085969432380232232
MonoBehaviour:
  m_ObjectHideFlags: 0
  m_CorrespondingSourceObject: {fileID: 0}
  m_PrefabInstance: {fileID: 0}
  m_PrefabAsset: {fileID: 0}
  m_GameObject: {fileID: 3927670093449899861}
  m_Enabled: 1
  m_EditorHideFlags: 0
  m_Script: {fileID: 11500000, guid: 85a269e6c8986864ea13fd99abc953ac, type: 3}
  m_Name: 
  m_EditorClassIdentifier: 
  prefab: {fileID: 2285233240148081580, guid: 6cf601c1b61e68f4cb04900f9be08123, type: 3}
  policy: 0
  maxCapacity: 100
  preloadAmount: 6
  onMaxCapacityReached:
    m_PersistentCalls:
      m_Calls: []
    m_TypeName: UnityEngine.Events.UnityEvent, UnityEngine.CoreModule, Version=0.0.0.0,
      Culture=neutral, PublicKeyToken=null
  unavailableObjects: []
  availableObjects: []
--- !u!1 &6406064576008903166
GameObject:
  m_ObjectHideFlags: 0
  m_CorrespondingSourceObject: {fileID: 0}
  m_PrefabInstance: {fileID: 0}
  m_PrefabAsset: {fileID: 0}
  serializedVersion: 6
  m_Component:
  - component: {fileID: 5199594340355239559}
  - component: {fileID: 7946179143769472331}
  m_Layer: 0
  m_Name: PointsEarnedPool
  m_TagString: Untagged
  m_Icon: {fileID: 0}
  m_NavMeshLayer: 0
  m_StaticEditorFlags: 0
  m_IsActive: 1
--- !u!4 &5199594340355239559
Transform:
  m_ObjectHideFlags: 0
  m_CorrespondingSourceObject: {fileID: 0}
  m_PrefabInstance: {fileID: 0}
  m_PrefabAsset: {fileID: 0}
  m_GameObject: {fileID: 6406064576008903166}
  m_LocalRotation: {x: 0, y: 0, z: 0, w: 1}
  m_LocalPosition: {x: 0, y: 0, z: 0}
  m_LocalScale: {x: 1, y: 1, z: 1}
  m_Children: []
  m_Father: {fileID: 7518423018714756513}
  m_RootOrder: 6
  m_LocalEulerAnglesHint: {x: 0, y: 0, z: 0}
--- !u!114 &7946179143769472331
MonoBehaviour:
  m_ObjectHideFlags: 0
  m_CorrespondingSourceObject: {fileID: 0}
  m_PrefabInstance: {fileID: 0}
  m_PrefabAsset: {fileID: 0}
  m_GameObject: {fileID: 6406064576008903166}
  m_Enabled: 1
  m_EditorHideFlags: 0
  m_Script: {fileID: 11500000, guid: 85a269e6c8986864ea13fd99abc953ac, type: 3}
  m_Name: 
  m_EditorClassIdentifier: 
  prefab: {fileID: 1961843886586685512, guid: 1b0eacf1f9e9b9d4784bee33b1cbca36, type: 3}
  policy: 0
  maxCapacity: 100
  preloadAmount: 6
  onMaxCapacityReached:
    m_PersistentCalls:
      m_Calls: []
    m_TypeName: UnityEngine.Events.UnityEvent, UnityEngine.CoreModule, Version=0.0.0.0,
      Culture=neutral, PublicKeyToken=null
  unavailableObjects: []
  availableObjects: []
--- !u!1 &7518423018581170727
GameObject:
  m_ObjectHideFlags: 0
  m_CorrespondingSourceObject: {fileID: 0}
  m_PrefabInstance: {fileID: 0}
  m_PrefabAsset: {fileID: 0}
  serializedVersion: 6
  m_Component:
  - component: {fileID: 7518423018581170726}
  - component: {fileID: 7518423018581170721}
  m_Layer: 0
  m_Name: PipePool
  m_TagString: Untagged
  m_Icon: {fileID: 0}
  m_NavMeshLayer: 0
  m_StaticEditorFlags: 0
  m_IsActive: 1
--- !u!4 &7518423018581170726
Transform:
  m_ObjectHideFlags: 0
  m_CorrespondingSourceObject: {fileID: 0}
  m_PrefabInstance: {fileID: 0}
  m_PrefabAsset: {fileID: 0}
  m_GameObject: {fileID: 7518423018581170727}
  m_LocalRotation: {x: 0, y: 0, z: 0, w: 1}
  m_LocalPosition: {x: 0, y: 0, z: 0}
  m_LocalScale: {x: 1, y: 1, z: 1}
  m_Children: []
  m_Father: {fileID: 7518423018714756513}
  m_RootOrder: 0
  m_LocalEulerAnglesHint: {x: 0, y: 0, z: 0}
--- !u!114 &7518423018581170721
MonoBehaviour:
  m_ObjectHideFlags: 0
  m_CorrespondingSourceObject: {fileID: 0}
  m_PrefabInstance: {fileID: 0}
  m_PrefabAsset: {fileID: 0}
  m_GameObject: {fileID: 7518423018581170727}
  m_Enabled: 1
  m_EditorHideFlags: 0
  m_Script: {fileID: 11500000, guid: 85a269e6c8986864ea13fd99abc953ac, type: 3}
  m_Name: 
  m_EditorClassIdentifier: 
  prefab: {fileID: 2745270019975636901, guid: 482b752babb5a0b4a84372f4d7da7dd5, type: 3}
  policy: 0
  maxCapacity: 100
  preloadAmount: 5
  onMaxCapacityReached:
    m_PersistentCalls:
      m_Calls: []
    m_TypeName: UnityEngine.Events.UnityEvent, UnityEngine.CoreModule, Version=0.0.0.0,
      Culture=neutral, PublicKeyToken=null
  unavailableObjects: []
  availableObjects: []
--- !u!1 &7518423018714756518
GameObject:
  m_ObjectHideFlags: 0
  m_CorrespondingSourceObject: {fileID: 0}
  m_PrefabInstance: {fileID: 0}
  m_PrefabAsset: {fileID: 0}
  serializedVersion: 6
  m_Component:
  - component: {fileID: 7518423018714756513}
  m_Layer: 0
  m_Name: Pools
  m_TagString: Untagged
  m_Icon: {fileID: 0}
  m_NavMeshLayer: 0
  m_StaticEditorFlags: 0
  m_IsActive: 1
--- !u!4 &7518423018714756513
Transform:
  m_ObjectHideFlags: 0
  m_CorrespondingSourceObject: {fileID: 0}
  m_PrefabInstance: {fileID: 0}
  m_PrefabAsset: {fileID: 0}
  m_GameObject: {fileID: 7518423018714756518}
  m_LocalRotation: {x: 0, y: 0, z: 0, w: 1}
  m_LocalPosition: {x: 0, y: 0, z: 0}
  m_LocalScale: {x: 1, y: 1, z: 1}
  m_Children:
  - {fileID: 7518423018581170726}
  - {fileID: 7518423019378721355}
  - {fileID: 8811791237012626058}
  - {fileID: 5321819829660882412}
  - {fileID: 7918136195464612502}
  - {fileID: 7518423019311893867}
  - {fileID: 5199594340355239559}
  m_Father: {fileID: 0}
  m_RootOrder: 0
  m_LocalEulerAnglesHint: {x: 0, y: 0, z: 0}
--- !u!1 &7518423019311893864
GameObject:
  m_ObjectHideFlags: 0
  m_CorrespondingSourceObject: {fileID: 0}
  m_PrefabInstance: {fileID: 0}
  m_PrefabAsset: {fileID: 0}
  serializedVersion: 6
  m_Component:
  - component: {fileID: 7518423019311893867}
  - component: {fileID: 7518423019311893866}
  m_Layer: 0
  m_Name: ExplosionFXPool
  m_TagString: Untagged
  m_Icon: {fileID: 0}
  m_NavMeshLayer: 0
  m_StaticEditorFlags: 0
  m_IsActive: 1
--- !u!4 &7518423019311893867
Transform:
  m_ObjectHideFlags: 0
  m_CorrespondingSourceObject: {fileID: 0}
  m_PrefabInstance: {fileID: 0}
  m_PrefabAsset: {fileID: 0}
  m_GameObject: {fileID: 7518423019311893864}
  m_LocalRotation: {x: 0, y: 0, z: 0, w: 1}
  m_LocalPosition: {x: 0, y: 0, z: 0}
  m_LocalScale: {x: 1, y: 1, z: 1}
  m_Children: []
  m_Father: {fileID: 7518423018714756513}
  m_RootOrder: 5
  m_LocalEulerAnglesHint: {x: 0, y: 0, z: 0}
--- !u!114 &7518423019311893866
MonoBehaviour:
  m_ObjectHideFlags: 0
  m_CorrespondingSourceObject: {fileID: 0}
  m_PrefabInstance: {fileID: 0}
  m_PrefabAsset: {fileID: 0}
  m_GameObject: {fileID: 7518423019311893864}
  m_Enabled: 1
  m_EditorHideFlags: 0
  m_Script: {fileID: 11500000, guid: 85a269e6c8986864ea13fd99abc953ac, type: 3}
  m_Name: 
  m_EditorClassIdentifier: 
  prefab: {fileID: 5367174728091530620, guid: 3e950bfb11028f246b31e3d587761bf0, type: 3}
  policy: 0
  maxCapacity: 100
  preloadAmount: 1
  onMaxCapacityReached:
    m_PersistentCalls:
      m_Calls: []
    m_TypeName: UnityEngine.Events.UnityEvent, UnityEngine.CoreModule, Version=0.0.0.0,
      Culture=neutral, PublicKeyToken=null
  unavailableObjects: []
  availableObjects: []
--- !u!1 &7518423019378721352
GameObject:
  m_ObjectHideFlags: 0
  m_CorrespondingSourceObject: {fileID: 0}
  m_PrefabInstance: {fileID: 0}
  m_PrefabAsset: {fileID: 0}
  serializedVersion: 6
  m_Component:
  - component: {fileID: 7518423019378721355}
  - component: {fileID: 7518423019378721354}
  m_Layer: 0
  m_Name: ObstacleDonutPool
  m_TagString: Untagged
  m_Icon: {fileID: 0}
  m_NavMeshLayer: 0
  m_StaticEditorFlags: 0
  m_IsActive: 1
--- !u!4 &7518423019378721355
Transform:
  m_ObjectHideFlags: 0
  m_CorrespondingSourceObject: {fileID: 0}
  m_PrefabInstance: {fileID: 0}
  m_PrefabAsset: {fileID: 0}
  m_GameObject: {fileID: 7518423019378721352}
  m_LocalRotation: {x: 0, y: 0, z: 0, w: 1}
  m_LocalPosition: {x: 0, y: 0, z: 0}
  m_LocalScale: {x: 1, y: 1, z: 1}
  m_Children: []
  m_Father: {fileID: 7518423018714756513}
  m_RootOrder: 1
  m_LocalEulerAnglesHint: {x: 0, y: 0, z: 0}
--- !u!114 &7518423019378721354
MonoBehaviour:
  m_ObjectHideFlags: 0
  m_CorrespondingSourceObject: {fileID: 0}
  m_PrefabInstance: {fileID: 0}
  m_PrefabAsset: {fileID: 0}
  m_GameObject: {fileID: 7518423019378721352}
  m_Enabled: 1
  m_EditorHideFlags: 0
  m_Script: {fileID: 11500000, guid: 85a269e6c8986864ea13fd99abc953ac, type: 3}
  m_Name: 
  m_EditorClassIdentifier: 
  prefab: {fileID: 3649217354412874410, guid: 3ccd0c12c5dc7ec459635f4b47e46330, type: 3}
  policy: 0
  maxCapacity: 100
  preloadAmount: 6
  onMaxCapacityReached:
    m_PersistentCalls:
      m_Calls: []
    m_TypeName: UnityEngine.Events.UnityEvent, UnityEngine.CoreModule, Version=0.0.0.0,
      Culture=neutral, PublicKeyToken=null
  unavailableObjects: []
  availableObjects: []
