%YAML 1.1
%TAG !u! tag:unity3d.com,2011:
--- !u!29 &1
OcclusionCullingSettings:
  m_ObjectHideFlags: 0
  serializedVersion: 2
  m_OcclusionBakeSettings:
    smallestOccluder: 5
    smallestHole: 0.25
    backfaceThreshold: 100
  m_SceneGUID: 00000000000000000000000000000000
  m_OcclusionCullingData: {fileID: 0}
--- !u!104 &2
RenderSettings:
  m_ObjectHideFlags: 0
  serializedVersion: 9
  m_Fog: 1
  m_FogColor: {r: 0, g: 0, b: 0, a: 1}
  m_FogMode: 2
  m_FogDensity: 0.05
  m_LinearFogStart: 0
  m_LinearFogEnd: 300
  m_AmbientSkyColor: {r: 1, g: 1, b: 1, a: 1}
  m_AmbientEquatorColor: {r: 0.114, g: 0.125, b: 0.133, a: 1}
  m_AmbientGroundColor: {r: 0.047, g: 0.043, b: 0.035, a: 1}
  m_AmbientIntensity: 1
  m_AmbientMode: 0
  m_SubtractiveShadowColor: {r: 0.42, g: 0.478, b: 0.627, a: 1}
  m_SkyboxMaterial: {fileID: 0}
  m_HaloStrength: 0.5
  m_FlareStrength: 1
  m_FlareFadeSpeed: 3
  m_HaloTexture: {fileID: 0}
  m_SpotCookie: {fileID: 10001, guid: 0000000000000000e000000000000000, type: 0}
  m_DefaultReflectionMode: 0
  m_DefaultReflectionResolution: 128
  m_ReflectionBounces: 1
  m_ReflectionIntensity: 1
  m_CustomReflection: {fileID: 0}
  m_Sun: {fileID: 0}
  m_IndirectSpecularColor: {r: 0, g: 0, b: 0, a: 1}
  m_UseRadianceAmbientProbe: 0
--- !u!157 &3
LightmapSettings:
  m_ObjectHideFlags: 0
  serializedVersion: 11
  m_GIWorkflowMode: 1
  m_GISettings:
    serializedVersion: 2
    m_BounceScale: 1
    m_IndirectOutputScale: 1
    m_AlbedoBoost: 1
    m_EnvironmentLightingMode: 0
    m_EnableBakedLightmaps: 0
    m_EnableRealtimeLightmaps: 0
  m_LightmapEditorSettings:
    serializedVersion: 12
    m_Resolution: 2
    m_BakeResolution: 40
    m_AtlasSize: 1024
    m_AO: 0
    m_AOMaxDistance: 1
    m_CompAOExponent: 1
    m_CompAOExponentDirect: 0
    m_ExtractAmbientOcclusion: 0
    m_Padding: 2
    m_LightmapParameters: {fileID: 0}
    m_LightmapsBakeMode: 1
    m_TextureCompression: 1
    m_FinalGather: 0
    m_FinalGatherFiltering: 1
    m_FinalGatherRayCount: 256
    m_ReflectionCompression: 2
    m_MixedBakeMode: 2
    m_BakeBackend: 1
    m_PVRSampling: 1
    m_PVRDirectSampleCount: 32
    m_PVRSampleCount: 512
    m_PVRBounces: 2
    m_PVREnvironmentSampleCount: 256
    m_PVREnvironmentReferencePointCount: 2048
    m_PVRFilteringMode: 1
    m_PVRDenoiserTypeDirect: 1
    m_PVRDenoiserTypeIndirect: 1
    m_PVRDenoiserTypeAO: 1
    m_PVRFilterTypeDirect: 0
    m_PVRFilterTypeIndirect: 0
    m_PVRFilterTypeAO: 0
    m_PVREnvironmentMIS: 1
    m_PVRCulling: 1
    m_PVRFilteringGaussRadiusDirect: 1
    m_PVRFilteringGaussRadiusIndirect: 5
    m_PVRFilteringGaussRadiusAO: 2
    m_PVRFilteringAtrousPositionSigmaDirect: 0.5
    m_PVRFilteringAtrousPositionSigmaIndirect: 2
    m_PVRFilteringAtrousPositionSigmaAO: 1
    m_ShowResolutionOverlay: 1
    m_ExportTrainingData: 0
  m_LightingDataAsset: {fileID: 0}
  m_UseShadowmask: 1
--- !u!196 &4
NavMeshSettings:
  serializedVersion: 2
  m_ObjectHideFlags: 0
  m_BuildSettings:
    serializedVersion: 2
    agentTypeID: 0
    agentRadius: 0.5
    agentHeight: 2
    agentSlope: 45
    agentClimb: 0.4
    ledgeDropHeight: 0
    maxJumpAcrossDistance: 0
    minRegionArea: 2
    manualCellSize: 0
    cellSize: 0.16666667
    manualTileSize: 0
    tileSize: 256
    accuratePlacement: 0
    debug:
      m_Flags: 0
  m_NavMeshData: {fileID: 0}
--- !u!1001 &855565108
PrefabInstance:
  m_ObjectHideFlags: 0
  serializedVersion: 2
  m_Modification:
    m_TransformParent: {fileID: 0}
    m_Modifications:
    - target: {fileID: 2745270019975636901, guid: 482b752babb5a0b4a84372f4d7da7dd5,
        type: 3}
      propertyPath: m_Name
      value: Pipe_10m
      objectReference: {fileID: 0}
    - target: {fileID: 2745270019975636901, guid: 482b752babb5a0b4a84372f4d7da7dd5,
        type: 3}
      propertyPath: m_IsActive
      value: 0
      objectReference: {fileID: 0}
    - target: {fileID: 1171623446560085430, guid: 482b752babb5a0b4a84372f4d7da7dd5,
        type: 3}
      propertyPath: m_LocalPosition.x
      value: -0
      objectReference: {fileID: 0}
    - target: {fileID: 1171623446560085430, guid: 482b752babb5a0b4a84372f4d7da7dd5,
        type: 3}
      propertyPath: m_LocalPosition.y
      value: 0
      objectReference: {fileID: 0}
    - target: {fileID: 1171623446560085430, guid: 482b752babb5a0b4a84372f4d7da7dd5,
        type: 3}
      propertyPath: m_LocalPosition.z
      value: 0
      objectReference: {fileID: 0}
    - target: {fileID: 1171623446560085430, guid: 482b752babb5a0b4a84372f4d7da7dd5,
        type: 3}
      propertyPath: m_LocalRotation.x
      value: 0
      objectReference: {fileID: 0}
    - target: {fileID: 1171623446560085430, guid: 482b752babb5a0b4a84372f4d7da7dd5,
        type: 3}
      propertyPath: m_LocalRotation.y
      value: 0
      objectReference: {fileID: 0}
    - target: {fileID: 1171623446560085430, guid: 482b752babb5a0b4a84372f4d7da7dd5,
        type: 3}
      propertyPath: m_LocalRotation.z
      value: 0
      objectReference: {fileID: 0}
    - target: {fileID: 1171623446560085430, guid: 482b752babb5a0b4a84372f4d7da7dd5,
        type: 3}
      propertyPath: m_LocalRotation.w
      value: 1
      objectReference: {fileID: 0}
    - target: {fileID: 1171623446560085430, guid: 482b752babb5a0b4a84372f4d7da7dd5,
        type: 3}
      propertyPath: m_RootOrder
      value: 5
      objectReference: {fileID: 0}
    - target: {fileID: 1171623446560085430, guid: 482b752babb5a0b4a84372f4d7da7dd5,
        type: 3}
      propertyPath: m_LocalEulerAnglesHint.x
      value: 0
      objectReference: {fileID: 0}
    - target: {fileID: 1171623446560085430, guid: 482b752babb5a0b4a84372f4d7da7dd5,
        type: 3}
      propertyPath: m_LocalEulerAnglesHint.y
      value: 0
      objectReference: {fileID: 0}
    - target: {fileID: 1171623446560085430, guid: 482b752babb5a0b4a84372f4d7da7dd5,
        type: 3}
      propertyPath: m_LocalEulerAnglesHint.z
      value: 0
      objectReference: {fileID: 0}
    m_RemovedComponents: []
  m_SourcePrefab: {fileID: 100100000, guid: 482b752babb5a0b4a84372f4d7da7dd5, type: 3}
--- !u!4 &1358722794 stripped
Transform:
  m_CorrespondingSourceObject: {fileID: 6171360071968492671, guid: 79fc95742f8a15a42ada73eddcada504,
    type: 3}
  m_PrefabInstance: {fileID: 6920795867189291755}
  m_PrefabAsset: {fileID: 0}
--- !u!1 &1422255974
GameObject:
  m_ObjectHideFlags: 0
  m_CorrespondingSourceObject: {fileID: 0}
  m_PrefabInstance: {fileID: 0}
  m_PrefabAsset: {fileID: 0}
  serializedVersion: 6
  m_Component:
  - component: {fileID: 1422255976}
  - component: {fileID: 1422255975}
  m_Layer: 0
  m_Name: Directional Light
  m_TagString: Untagged
  m_Icon: {fileID: 0}
  m_NavMeshLayer: 0
  m_StaticEditorFlags: 0
  m_IsActive: 1
--- !u!108 &1422255975
Light:
  m_ObjectHideFlags: 0
  m_CorrespondingSourceObject: {fileID: 0}
  m_PrefabInstance: {fileID: 0}
  m_PrefabAsset: {fileID: 0}
  m_GameObject: {fileID: 1422255974}
  m_Enabled: 1
  serializedVersion: 9
  m_Type: 1
  m_Color: {r: 1, g: 1, b: 1, a: 1}
  m_Intensity: 0.5
  m_Range: 10
  m_SpotAngle: 30
  m_InnerSpotAngle: 21.80208
  m_CookieSize: 10
  m_Shadows:
    m_Type: 0
    m_Resolution: -1
    m_CustomResolution: -1
    m_Strength: 1
    m_Bias: 0.05
    m_NormalBias: 0.4
    m_NearPlane: 0.2
    m_CullingMatrixOverride:
      e00: 1
      e01: 0
      e02: 0
      e03: 0
      e10: 0
      e11: 1
      e12: 0
      e13: 0
      e20: 0
      e21: 0
      e22: 1
      e23: 0
      e30: 0
      e31: 0
      e32: 0
      e33: 1
    m_UseCullingMatrixOverride: 0
  m_Cookie: {fileID: 0}
  m_DrawHalo: 0
  m_Flare: {fileID: 0}
  m_RenderMode: 0
  m_CullingMask:
    serializedVersion: 2
    m_Bits: 1
  m_RenderingLayerMask: 1
  m_Lightmapping: 4
  m_LightShadowCasterMode: 0
  m_AreaSize: {x: 1, y: 1}
  m_BounceIntensity: 1
  m_ColorTemperature: 6570
  m_UseColorTemperature: 0
  m_BoundingSphereOverride: {x: 0, y: 0, z: 0, w: 0}
  m_UseBoundingSphereOverride: 0
  m_ShadowRadius: 0
  m_ShadowAngle: 0
--- !u!4 &1422255976
Transform:
  m_ObjectHideFlags: 0
  m_CorrespondingSourceObject: {fileID: 0}
  m_PrefabInstance: {fileID: 0}
  m_PrefabAsset: {fileID: 0}
  m_GameObject: {fileID: 1422255974}
  m_LocalRotation: {x: 0, y: 0, z: 0, w: 1}
  m_LocalPosition: {x: 0, y: 0, z: 0}
  m_LocalScale: {x: 1, y: 1, z: 1}
  m_Children: []
  m_Father: {fileID: 0}
  m_RootOrder: 6
  m_LocalEulerAnglesHint: {x: 0, y: 0, z: 0}
--- !u!1001 &1503170687
PrefabInstance:
  m_ObjectHideFlags: 0
  serializedVersion: 2
  m_Modification:
    m_TransformParent: {fileID: 8014415119252928604}
    m_Modifications:
    - target: {fileID: 47300609586564674, guid: 0ec0e929fd7554740b06a835a3553523,
        type: 3}
      propertyPath: m_Name
      value: PNL_ChallengesSection
      objectReference: {fileID: 0}
    - target: {fileID: 5074800969991835490, guid: 0ec0e929fd7554740b06a835a3553523,
        type: 3}
      propertyPath: m_LocalPosition.x
      value: 0
      objectReference: {fileID: 0}
    - target: {fileID: 5074800969991835490, guid: 0ec0e929fd7554740b06a835a3553523,
        type: 3}
      propertyPath: m_LocalPosition.y
      value: 0
      objectReference: {fileID: 0}
    - target: {fileID: 5074800969991835490, guid: 0ec0e929fd7554740b06a835a3553523,
        type: 3}
      propertyPath: m_LocalPosition.z
      value: 0
      objectReference: {fileID: 0}
    - target: {fileID: 5074800969991835490, guid: 0ec0e929fd7554740b06a835a3553523,
        type: 3}
      propertyPath: m_LocalRotation.x
      value: 0
      objectReference: {fileID: 0}
    - target: {fileID: 5074800969991835490, guid: 0ec0e929fd7554740b06a835a3553523,
        type: 3}
      propertyPath: m_LocalRotation.y
      value: 0
      objectReference: {fileID: 0}
    - target: {fileID: 5074800969991835490, guid: 0ec0e929fd7554740b06a835a3553523,
        type: 3}
      propertyPath: m_LocalRotation.z
      value: 0
      objectReference: {fileID: 0}
    - target: {fileID: 5074800969991835490, guid: 0ec0e929fd7554740b06a835a3553523,
        type: 3}
      propertyPath: m_LocalRotation.w
      value: 1
      objectReference: {fileID: 0}
    - target: {fileID: 5074800969991835490, guid: 0ec0e929fd7554740b06a835a3553523,
        type: 3}
      propertyPath: m_RootOrder
      value: 0
      objectReference: {fileID: 0}
    - target: {fileID: 5074800969991835490, guid: 0ec0e929fd7554740b06a835a3553523,
        type: 3}
      propertyPath: m_LocalEulerAnglesHint.x
      value: 0
      objectReference: {fileID: 0}
    - target: {fileID: 5074800969991835490, guid: 0ec0e929fd7554740b06a835a3553523,
        type: 3}
      propertyPath: m_LocalEulerAnglesHint.y
      value: 0
      objectReference: {fileID: 0}
    - target: {fileID: 5074800969991835490, guid: 0ec0e929fd7554740b06a835a3553523,
        type: 3}
      propertyPath: m_LocalEulerAnglesHint.z
      value: 0
      objectReference: {fileID: 0}
    - target: {fileID: 5074800969991835490, guid: 0ec0e929fd7554740b06a835a3553523,
        type: 3}
      propertyPath: m_AnchoredPosition.x
      value: 480
      objectReference: {fileID: 0}
    - target: {fileID: 5074800969991835490, guid: 0ec0e929fd7554740b06a835a3553523,
        type: 3}
      propertyPath: m_AnchoredPosition.y
      value: -50
      objectReference: {fileID: 0}
    - target: {fileID: 5074800969991835490, guid: 0ec0e929fd7554740b06a835a3553523,
        type: 3}
      propertyPath: m_SizeDelta.x
      value: 960
      objectReference: {fileID: 0}
    - target: {fileID: 5074800969991835490, guid: 0ec0e929fd7554740b06a835a3553523,
        type: 3}
      propertyPath: m_SizeDelta.y
      value: 500
      objectReference: {fileID: 0}
    - target: {fileID: 5074800969991835490, guid: 0ec0e929fd7554740b06a835a3553523,
        type: 3}
      propertyPath: m_AnchorMin.x
      value: 0
      objectReference: {fileID: 0}
    - target: {fileID: 5074800969991835490, guid: 0ec0e929fd7554740b06a835a3553523,
        type: 3}
      propertyPath: m_AnchorMin.y
      value: 1
      objectReference: {fileID: 0}
    - target: {fileID: 5074800969991835490, guid: 0ec0e929fd7554740b06a835a3553523,
        type: 3}
      propertyPath: m_AnchorMax.x
      value: 0
      objectReference: {fileID: 0}
    - target: {fileID: 5074800969991835490, guid: 0ec0e929fd7554740b06a835a3553523,
        type: 3}
      propertyPath: m_AnchorMax.y
      value: 1
      objectReference: {fileID: 0}
    - target: {fileID: 5074800969991835490, guid: 0ec0e929fd7554740b06a835a3553523,
        type: 3}
      propertyPath: m_Pivot.x
      value: 0.5
      objectReference: {fileID: 0}
    - target: {fileID: 5074800969991835490, guid: 0ec0e929fd7554740b06a835a3553523,
        type: 3}
      propertyPath: m_Pivot.y
      value: 1
      objectReference: {fileID: 0}
    - target: {fileID: 4348692430632883283, guid: 0ec0e929fd7554740b06a835a3553523,
        type: 3}
      propertyPath: m_AnchorMin.y
      value: 1
      objectReference: {fileID: 0}
    - target: {fileID: 4348692430632883283, guid: 0ec0e929fd7554740b06a835a3553523,
        type: 3}
      propertyPath: m_AnchorMax.y
      value: 1
      objectReference: {fileID: 0}
    - target: {fileID: 4348692430632883283, guid: 0ec0e929fd7554740b06a835a3553523,
        type: 3}
      propertyPath: m_AnchoredPosition.x
      value: 480
      objectReference: {fileID: 0}
    - target: {fileID: 4348692430632883283, guid: 0ec0e929fd7554740b06a835a3553523,
        type: 3}
      propertyPath: m_AnchoredPosition.y
      value: -50
      objectReference: {fileID: 0}
    - target: {fileID: 4348692430632883283, guid: 0ec0e929fd7554740b06a835a3553523,
        type: 3}
      propertyPath: m_SizeDelta.x
      value: 960
      objectReference: {fileID: 0}
    - target: {fileID: 8963113824753586730, guid: 0ec0e929fd7554740b06a835a3553523,
        type: 3}
      propertyPath: m_textInfo.characterCount
      value: 0
      objectReference: {fileID: 0}
    - target: {fileID: 8963113824753586730, guid: 0ec0e929fd7554740b06a835a3553523,
        type: 3}
      propertyPath: m_textInfo.spaceCount
      value: 0
      objectReference: {fileID: 0}
    - target: {fileID: 8963113824753586730, guid: 0ec0e929fd7554740b06a835a3553523,
        type: 3}
      propertyPath: m_textInfo.wordCount
      value: 0
      objectReference: {fileID: 0}
    - target: {fileID: 8963113824753586730, guid: 0ec0e929fd7554740b06a835a3553523,
        type: 3}
      propertyPath: m_textInfo.lineCount
      value: 0
      objectReference: {fileID: 0}
    - target: {fileID: 8963113824753586730, guid: 0ec0e929fd7554740b06a835a3553523,
        type: 3}
      propertyPath: m_textInfo.pageCount
      value: 0
      objectReference: {fileID: 0}
    - target: {fileID: 4777460203863749153, guid: 0ec0e929fd7554740b06a835a3553523,
        type: 3}
      propertyPath: m_AnchoredPosition.x
      value: 0
      objectReference: {fileID: 0}
    - target: {fileID: 4777460203863749153, guid: 0ec0e929fd7554740b06a835a3553523,
        type: 3}
      propertyPath: m_SizeDelta.x
      value: 0
      objectReference: {fileID: 0}
    - target: {fileID: 4777460203863749153, guid: 0ec0e929fd7554740b06a835a3553523,
        type: 3}
      propertyPath: m_AnchorMin.y
      value: 1
      objectReference: {fileID: 0}
    - target: {fileID: 4777460203863749153, guid: 0ec0e929fd7554740b06a835a3553523,
        type: 3}
      propertyPath: m_AnchorMax.y
      value: 1
      objectReference: {fileID: 0}
    - target: {fileID: 4777460203863749153, guid: 0ec0e929fd7554740b06a835a3553523,
        type: 3}
      propertyPath: m_AnchoredPosition.y
      value: -100
      objectReference: {fileID: 0}
    - target: {fileID: 4777460203863749153, guid: 0ec0e929fd7554740b06a835a3553523,
        type: 3}
      propertyPath: m_SizeDelta.y
      value: 400
      objectReference: {fileID: 0}
    - target: {fileID: 1917644211, guid: 0ec0e929fd7554740b06a835a3553523, type: 3}
      propertyPath: m_AnchorMin.y
      value: 0
      objectReference: {fileID: 0}
    - target: {fileID: 1917644211, guid: 0ec0e929fd7554740b06a835a3553523, type: 3}
      propertyPath: m_AnchorMax.y
      value: 0
      objectReference: {fileID: 0}
    - target: {fileID: 1917644211, guid: 0ec0e929fd7554740b06a835a3553523, type: 3}
      propertyPath: m_AnchoredPosition.x
      value: 0
      objectReference: {fileID: 0}
    - target: {fileID: 1917644211, guid: 0ec0e929fd7554740b06a835a3553523, type: 3}
      propertyPath: m_AnchoredPosition.y
      value: 0
      objectReference: {fileID: 0}
    - target: {fileID: 1917644211, guid: 0ec0e929fd7554740b06a835a3553523, type: 3}
      propertyPath: m_SizeDelta.x
      value: 0
      objectReference: {fileID: 0}
    - target: {fileID: 1917644211, guid: 0ec0e929fd7554740b06a835a3553523, type: 3}
      propertyPath: m_SizeDelta.y
      value: 245.5
      objectReference: {fileID: 0}
    m_RemovedComponents: []
  m_SourcePrefab: {fileID: 100100000, guid: 0ec0e929fd7554740b06a835a3553523, type: 3}
--- !u!1 &1542392362
GameObject:
  m_ObjectHideFlags: 0
  m_CorrespondingSourceObject: {fileID: 0}
  m_PrefabInstance: {fileID: 0}
  m_PrefabAsset: {fileID: 0}
  serializedVersion: 6
  m_Component:
  - component: {fileID: 1542392363}
  m_Layer: 0
  m_Name: Managers
  m_TagString: Untagged
  m_Icon: {fileID: 0}
  m_NavMeshLayer: 0
  m_StaticEditorFlags: 0
  m_IsActive: 1
--- !u!4 &1542392363
Transform:
  m_ObjectHideFlags: 0
  m_CorrespondingSourceObject: {fileID: 0}
  m_PrefabInstance: {fileID: 0}
  m_PrefabAsset: {fileID: 0}
  m_GameObject: {fileID: 1542392362}
  m_LocalRotation: {x: 0, y: 0, z: 0, w: 1}
  m_LocalPosition: {x: 2.3039618, y: -1.2408428, z: -4.2350903}
  m_LocalScale: {x: 1, y: 1, z: 1}
  m_Children:
  - {fileID: 1358722794}
  - {fileID: 7411724766147378659}
  - {fileID: 5278632239232075441}
  - {fileID: 6701177682045319793}
  - {fileID: 7680224407696397167}
  m_Father: {fileID: 0}
  m_RootOrder: 0
  m_LocalEulerAnglesHint: {x: 0, y: 0, z: 0}
--- !u!1001 &1767915859
PrefabInstance:
  m_ObjectHideFlags: 0
  serializedVersion: 2
  m_Modification:
    m_TransformParent: {fileID: 0}
    m_Modifications:
    - target: {fileID: 3926371319691095011, guid: 09454064fc9726c4ba9ef447e4fa491f,
        type: 3}
      propertyPath: m_Name
      value: SCREEN_Menu
      objectReference: {fileID: 0}
    - target: {fileID: 3926371319691095011, guid: 09454064fc9726c4ba9ef447e4fa491f,
        type: 3}
      propertyPath: m_IsActive
      value: 0
      objectReference: {fileID: 0}
    - target: {fileID: 3926371319691095015, guid: 09454064fc9726c4ba9ef447e4fa491f,
        type: 3}
      propertyPath: m_LocalPosition.x
      value: 0
      objectReference: {fileID: 0}
    - target: {fileID: 3926371319691095015, guid: 09454064fc9726c4ba9ef447e4fa491f,
        type: 3}
      propertyPath: m_LocalPosition.y
      value: 0
      objectReference: {fileID: 0}
    - target: {fileID: 3926371319691095015, guid: 09454064fc9726c4ba9ef447e4fa491f,
        type: 3}
      propertyPath: m_LocalPosition.z
      value: 0
      objectReference: {fileID: 0}
    - target: {fileID: 3926371319691095015, guid: 09454064fc9726c4ba9ef447e4fa491f,
        type: 3}
      propertyPath: m_LocalRotation.x
      value: 0
      objectReference: {fileID: 0}
    - target: {fileID: 3926371319691095015, guid: 09454064fc9726c4ba9ef447e4fa491f,
        type: 3}
      propertyPath: m_LocalRotation.y
      value: 0
      objectReference: {fileID: 0}
    - target: {fileID: 3926371319691095015, guid: 09454064fc9726c4ba9ef447e4fa491f,
        type: 3}
      propertyPath: m_LocalRotation.z
      value: 0
      objectReference: {fileID: 0}
    - target: {fileID: 3926371319691095015, guid: 09454064fc9726c4ba9ef447e4fa491f,
        type: 3}
      propertyPath: m_LocalRotation.w
      value: 1
      objectReference: {fileID: 0}
    - target: {fileID: 3926371319691095015, guid: 09454064fc9726c4ba9ef447e4fa491f,
        type: 3}
      propertyPath: m_RootOrder
      value: 8
      objectReference: {fileID: 0}
    - target: {fileID: 3926371319691095015, guid: 09454064fc9726c4ba9ef447e4fa491f,
        type: 3}
      propertyPath: m_LocalEulerAnglesHint.x
      value: 0
      objectReference: {fileID: 0}
    - target: {fileID: 3926371319691095015, guid: 09454064fc9726c4ba9ef447e4fa491f,
        type: 3}
      propertyPath: m_LocalEulerAnglesHint.y
      value: 0
      objectReference: {fileID: 0}
    - target: {fileID: 3926371319691095015, guid: 09454064fc9726c4ba9ef447e4fa491f,
        type: 3}
      propertyPath: m_LocalEulerAnglesHint.z
      value: 0
      objectReference: {fileID: 0}
    - target: {fileID: 3926371319691095015, guid: 09454064fc9726c4ba9ef447e4fa491f,
        type: 3}
      propertyPath: m_AnchoredPosition.x
      value: 0
      objectReference: {fileID: 0}
    - target: {fileID: 3926371319691095015, guid: 09454064fc9726c4ba9ef447e4fa491f,
        type: 3}
      propertyPath: m_AnchoredPosition.y
      value: 0
      objectReference: {fileID: 0}
    - target: {fileID: 3926371319691095015, guid: 09454064fc9726c4ba9ef447e4fa491f,
        type: 3}
      propertyPath: m_SizeDelta.x
      value: 0
      objectReference: {fileID: 0}
    - target: {fileID: 3926371319691095015, guid: 09454064fc9726c4ba9ef447e4fa491f,
        type: 3}
      propertyPath: m_SizeDelta.y
      value: 0
      objectReference: {fileID: 0}
    - target: {fileID: 3926371319691095015, guid: 09454064fc9726c4ba9ef447e4fa491f,
        type: 3}
      propertyPath: m_AnchorMin.x
      value: 0
      objectReference: {fileID: 0}
    - target: {fileID: 3926371319691095015, guid: 09454064fc9726c4ba9ef447e4fa491f,
        type: 3}
      propertyPath: m_AnchorMin.y
      value: 0
      objectReference: {fileID: 0}
    - target: {fileID: 3926371319691095015, guid: 09454064fc9726c4ba9ef447e4fa491f,
        type: 3}
      propertyPath: m_AnchorMax.x
      value: 0
      objectReference: {fileID: 0}
    - target: {fileID: 3926371319691095015, guid: 09454064fc9726c4ba9ef447e4fa491f,
        type: 3}
      propertyPath: m_AnchorMax.y
      value: 0
      objectReference: {fileID: 0}
    - target: {fileID: 3926371319691095015, guid: 09454064fc9726c4ba9ef447e4fa491f,
        type: 3}
      propertyPath: m_Pivot.x
      value: 0
      objectReference: {fileID: 0}
    - target: {fileID: 3926371319691095015, guid: 09454064fc9726c4ba9ef447e4fa491f,
        type: 3}
      propertyPath: m_Pivot.y
      value: 0
      objectReference: {fileID: 0}
    - target: {fileID: 6022785117343036933, guid: 09454064fc9726c4ba9ef447e4fa491f,
        type: 3}
      propertyPath: m_AnchorMax.y
      value: 1
      objectReference: {fileID: 0}
    m_RemovedComponents: []
  m_SourcePrefab: {fileID: 100100000, guid: 09454064fc9726c4ba9ef447e4fa491f, type: 3}
--- !u!1 &1867942963
GameObject:
  m_ObjectHideFlags: 0
  m_CorrespondingSourceObject: {fileID: 0}
  m_PrefabInstance: {fileID: 0}
  m_PrefabAsset: {fileID: 0}
  serializedVersion: 6
  m_Component:
  - component: {fileID: 1867942966}
  - component: {fileID: 1867942965}
  - component: {fileID: 1867942964}
  m_Layer: 0
  m_Name: EventSystem
  m_TagString: Untagged
  m_Icon: {fileID: 0}
  m_NavMeshLayer: 0
  m_StaticEditorFlags: 0
  m_IsActive: 1
--- !u!114 &1867942964
MonoBehaviour:
  m_ObjectHideFlags: 0
  m_CorrespondingSourceObject: {fileID: 0}
  m_PrefabInstance: {fileID: 0}
  m_PrefabAsset: {fileID: 0}
  m_GameObject: {fileID: 1867942963}
  m_Enabled: 1
  m_EditorHideFlags: 0
  m_Script: {fileID: 1077351063, guid: f70555f144d8491a825f0804e09c671c, type: 3}
  m_Name: 
  m_EditorClassIdentifier: 
  m_HorizontalAxis: Horizontal
  m_VerticalAxis: Vertical
  m_SubmitButton: Submit
  m_CancelButton: Cancel
  m_InputActionsPerSecond: 10
  m_RepeatDelay: 0.5
  m_ForceModuleActive: 0
--- !u!114 &1867942965
MonoBehaviour:
  m_ObjectHideFlags: 0
  m_CorrespondingSourceObject: {fileID: 0}
  m_PrefabInstance: {fileID: 0}
  m_PrefabAsset: {fileID: 0}
  m_GameObject: {fileID: 1867942963}
  m_Enabled: 1
  m_EditorHideFlags: 0
  m_Script: {fileID: -619905303, guid: f70555f144d8491a825f0804e09c671c, type: 3}
  m_Name: 
  m_EditorClassIdentifier: 
  m_FirstSelected: {fileID: 0}
  m_sendNavigationEvents: 1
  m_DragThreshold: 10
--- !u!4 &1867942966
Transform:
  m_ObjectHideFlags: 0
  m_CorrespondingSourceObject: {fileID: 0}
  m_PrefabInstance: {fileID: 0}
  m_PrefabAsset: {fileID: 0}
  m_GameObject: {fileID: 1867942963}
  m_LocalRotation: {x: 0, y: 0, z: 0, w: 1}
  m_LocalPosition: {x: 0, y: 0, z: 0}
  m_LocalScale: {x: 1, y: 1, z: 1}
  m_Children: []
  m_Father: {fileID: 0}
  m_RootOrder: 2
  m_LocalEulerAnglesHint: {x: 0, y: 0, z: 0}
--- !u!224 &1898869921 stripped
RectTransform:
  m_CorrespondingSourceObject: {fileID: 4777460203863749153, guid: 0ec0e929fd7554740b06a835a3553523,
    type: 3}
  m_PrefabInstance: {fileID: 1503170687}
  m_PrefabAsset: {fileID: 0}
--- !u!1001 &216352361195885491
PrefabInstance:
  m_ObjectHideFlags: 0
  serializedVersion: 2
  m_Modification:
    m_TransformParent: {fileID: 0}
    m_Modifications:
    - target: {fileID: 3861367742882967809, guid: 8fc32f09ece67e844b464ef3778abb81,
        type: 3}
      propertyPath: m_Name
      value: SCREEN_Challenges
      objectReference: {fileID: 0}
    - target: {fileID: 3861367742882967809, guid: 8fc32f09ece67e844b464ef3778abb81,
        type: 3}
      propertyPath: m_IsActive
      value: 0
      objectReference: {fileID: 0}
    - target: {fileID: 3861367742882967882, guid: 8fc32f09ece67e844b464ef3778abb81,
        type: 3}
      propertyPath: m_LocalPosition.x
      value: 0
      objectReference: {fileID: 0}
    - target: {fileID: 3861367742882967882, guid: 8fc32f09ece67e844b464ef3778abb81,
        type: 3}
      propertyPath: m_LocalPosition.y
      value: 0
      objectReference: {fileID: 0}
    - target: {fileID: 3861367742882967882, guid: 8fc32f09ece67e844b464ef3778abb81,
        type: 3}
      propertyPath: m_LocalPosition.z
      value: 0
      objectReference: {fileID: 0}
    - target: {fileID: 3861367742882967882, guid: 8fc32f09ece67e844b464ef3778abb81,
        type: 3}
      propertyPath: m_LocalRotation.x
      value: 0
      objectReference: {fileID: 0}
    - target: {fileID: 3861367742882967882, guid: 8fc32f09ece67e844b464ef3778abb81,
        type: 3}
      propertyPath: m_LocalRotation.y
      value: 0
      objectReference: {fileID: 0}
    - target: {fileID: 3861367742882967882, guid: 8fc32f09ece67e844b464ef3778abb81,
        type: 3}
      propertyPath: m_LocalRotation.z
      value: 0
      objectReference: {fileID: 0}
    - target: {fileID: 3861367742882967882, guid: 8fc32f09ece67e844b464ef3778abb81,
        type: 3}
      propertyPath: m_LocalRotation.w
      value: 1
      objectReference: {fileID: 0}
    - target: {fileID: 3861367742882967882, guid: 8fc32f09ece67e844b464ef3778abb81,
        type: 3}
      propertyPath: m_RootOrder
      value: 7
      objectReference: {fileID: 0}
    - target: {fileID: 3861367742882967882, guid: 8fc32f09ece67e844b464ef3778abb81,
        type: 3}
      propertyPath: m_LocalEulerAnglesHint.x
      value: 0
      objectReference: {fileID: 0}
    - target: {fileID: 3861367742882967882, guid: 8fc32f09ece67e844b464ef3778abb81,
        type: 3}
      propertyPath: m_LocalEulerAnglesHint.y
      value: 0
      objectReference: {fileID: 0}
    - target: {fileID: 3861367742882967882, guid: 8fc32f09ece67e844b464ef3778abb81,
        type: 3}
      propertyPath: m_LocalEulerAnglesHint.z
      value: 0
      objectReference: {fileID: 0}
    - target: {fileID: 3861367742882967882, guid: 8fc32f09ece67e844b464ef3778abb81,
        type: 3}
      propertyPath: m_AnchoredPosition.x
      value: 0
      objectReference: {fileID: 0}
    - target: {fileID: 3861367742882967882, guid: 8fc32f09ece67e844b464ef3778abb81,
        type: 3}
      propertyPath: m_AnchoredPosition.y
      value: 0
      objectReference: {fileID: 0}
    - target: {fileID: 3861367742882967882, guid: 8fc32f09ece67e844b464ef3778abb81,
        type: 3}
      propertyPath: m_SizeDelta.x
      value: 0
      objectReference: {fileID: 0}
    - target: {fileID: 3861367742882967882, guid: 8fc32f09ece67e844b464ef3778abb81,
        type: 3}
      propertyPath: m_SizeDelta.y
      value: 0
      objectReference: {fileID: 0}
    - target: {fileID: 3861367742882967882, guid: 8fc32f09ece67e844b464ef3778abb81,
        type: 3}
      propertyPath: m_AnchorMin.x
      value: 0
      objectReference: {fileID: 0}
    - target: {fileID: 3861367742882967882, guid: 8fc32f09ece67e844b464ef3778abb81,
        type: 3}
      propertyPath: m_AnchorMin.y
      value: 0
      objectReference: {fileID: 0}
    - target: {fileID: 3861367742882967882, guid: 8fc32f09ece67e844b464ef3778abb81,
        type: 3}
      propertyPath: m_AnchorMax.x
      value: 0
      objectReference: {fileID: 0}
    - target: {fileID: 3861367742882967882, guid: 8fc32f09ece67e844b464ef3778abb81,
        type: 3}
      propertyPath: m_AnchorMax.y
      value: 0
      objectReference: {fileID: 0}
    - target: {fileID: 3861367742882967882, guid: 8fc32f09ece67e844b464ef3778abb81,
        type: 3}
      propertyPath: m_Pivot.x
      value: 0
      objectReference: {fileID: 0}
    - target: {fileID: 3861367742882967882, guid: 8fc32f09ece67e844b464ef3778abb81,
        type: 3}
      propertyPath: m_Pivot.y
      value: 0
      objectReference: {fileID: 0}
    - target: {fileID: 8014415119252928604, guid: 8fc32f09ece67e844b464ef3778abb81,
        type: 3}
      propertyPath: m_SizeDelta.y
      value: 550
      objectReference: {fileID: 0}
    m_RemovedComponents: []
  m_SourcePrefab: {fileID: 100100000, guid: 8fc32f09ece67e844b464ef3778abb81, type: 3}
--- !u!1001 &1443138041846090868
PrefabInstance:
  m_ObjectHideFlags: 0
  serializedVersion: 2
  m_Modification:
    m_TransformParent: {fileID: 0}
    m_Modifications:
    - target: {fileID: 6701665570467197018, guid: d530055f65a48664a991df56144a8b6f,
        type: 3}
      propertyPath: m_Name
      value: Title3D
      objectReference: {fileID: 0}
    - target: {fileID: 7203758719042162441, guid: d530055f65a48664a991df56144a8b6f,
        type: 3}
      propertyPath: m_LocalPosition.x
      value: 0.1424926
      objectReference: {fileID: 0}
    - target: {fileID: 7203758719042162441, guid: d530055f65a48664a991df56144a8b6f,
        type: 3}
      propertyPath: m_LocalPosition.y
      value: 2.1544633
      objectReference: {fileID: 0}
    - target: {fileID: 7203758719042162441, guid: d530055f65a48664a991df56144a8b6f,
        type: 3}
      propertyPath: m_LocalPosition.z
      value: 0.24437846
      objectReference: {fileID: 0}
    - target: {fileID: 7203758719042162441, guid: d530055f65a48664a991df56144a8b6f,
        type: 3}
      propertyPath: m_LocalRotation.x
      value: 0
      objectReference: {fileID: 0}
    - target: {fileID: 7203758719042162441, guid: d530055f65a48664a991df56144a8b6f,
        type: 3}
      propertyPath: m_LocalRotation.y
      value: 0
      objectReference: {fileID: 0}
    - target: {fileID: 7203758719042162441, guid: d530055f65a48664a991df56144a8b6f,
        type: 3}
      propertyPath: m_LocalRotation.z
      value: 0
      objectReference: {fileID: 0}
    - target: {fileID: 7203758719042162441, guid: d530055f65a48664a991df56144a8b6f,
        type: 3}
      propertyPath: m_LocalRotation.w
      value: 1
      objectReference: {fileID: 0}
    - target: {fileID: 7203758719042162441, guid: d530055f65a48664a991df56144a8b6f,
        type: 3}
      propertyPath: m_RootOrder
      value: 3
      objectReference: {fileID: 0}
    - target: {fileID: 7203758719042162441, guid: d530055f65a48664a991df56144a8b6f,
        type: 3}
      propertyPath: m_LocalEulerAnglesHint.x
      value: 0
      objectReference: {fileID: 0}
    - target: {fileID: 7203758719042162441, guid: d530055f65a48664a991df56144a8b6f,
        type: 3}
      propertyPath: m_LocalEulerAnglesHint.y
      value: 0
      objectReference: {fileID: 0}
    - target: {fileID: 7203758719042162441, guid: d530055f65a48664a991df56144a8b6f,
        type: 3}
      propertyPath: m_LocalEulerAnglesHint.z
      value: 0
      objectReference: {fileID: 0}
    - target: {fileID: 6633798011905186591, guid: d530055f65a48664a991df56144a8b6f,
        type: 3}
      propertyPath: m_Mesh
      value: 
      objectReference: {fileID: 0}
    - target: {fileID: 5624042424748845724, guid: d530055f65a48664a991df56144a8b6f,
        type: 3}
      propertyPath: m_Mesh
      value: 
      objectReference: {fileID: 0}
    m_RemovedComponents: []
  m_SourcePrefab: {fileID: 100100000, guid: d530055f65a48664a991df56144a8b6f, type: 3}
--- !u!1001 &3043432755082106332
PrefabInstance:
  m_ObjectHideFlags: 0
  serializedVersion: 2
  m_Modification:
    m_TransformParent: {fileID: 1898869921}
    m_Modifications:
    - target: {fileID: 1795057443443661980, guid: 39b91b42522303049b5b2f0284dc6057,
        type: 3}
      propertyPath: m_Name
      value: PNL_ChallengeItem
      objectReference: {fileID: 0}
    - target: {fileID: 3949774260700316481, guid: 39b91b42522303049b5b2f0284dc6057,
        type: 3}
      propertyPath: m_LocalPosition.x
      value: 0
      objectReference: {fileID: 0}
    - target: {fileID: 3949774260700316481, guid: 39b91b42522303049b5b2f0284dc6057,
        type: 3}
      propertyPath: m_LocalPosition.y
      value: 0
      objectReference: {fileID: 0}
    - target: {fileID: 3949774260700316481, guid: 39b91b42522303049b5b2f0284dc6057,
        type: 3}
      propertyPath: m_LocalPosition.z
      value: 0
      objectReference: {fileID: 0}
    - target: {fileID: 3949774260700316481, guid: 39b91b42522303049b5b2f0284dc6057,
        type: 3}
      propertyPath: m_LocalRotation.x
      value: 0
      objectReference: {fileID: 0}
    - target: {fileID: 3949774260700316481, guid: 39b91b42522303049b5b2f0284dc6057,
        type: 3}
      propertyPath: m_LocalRotation.y
      value: 0
      objectReference: {fileID: 0}
    - target: {fileID: 3949774260700316481, guid: 39b91b42522303049b5b2f0284dc6057,
        type: 3}
      propertyPath: m_LocalRotation.z
      value: 0
      objectReference: {fileID: 0}
    - target: {fileID: 3949774260700316481, guid: 39b91b42522303049b5b2f0284dc6057,
        type: 3}
      propertyPath: m_LocalRotation.w
      value: 1
      objectReference: {fileID: 0}
    - target: {fileID: 3949774260700316481, guid: 39b91b42522303049b5b2f0284dc6057,
        type: 3}
      propertyPath: m_RootOrder
      value: 0
      objectReference: {fileID: 0}
    - target: {fileID: 3949774260700316481, guid: 39b91b42522303049b5b2f0284dc6057,
        type: 3}
      propertyPath: m_LocalEulerAnglesHint.x
      value: 0
      objectReference: {fileID: 0}
    - target: {fileID: 3949774260700316481, guid: 39b91b42522303049b5b2f0284dc6057,
        type: 3}
      propertyPath: m_LocalEulerAnglesHint.y
      value: 0
      objectReference: {fileID: 0}
    - target: {fileID: 3949774260700316481, guid: 39b91b42522303049b5b2f0284dc6057,
        type: 3}
      propertyPath: m_LocalEulerAnglesHint.z
      value: 0
      objectReference: {fileID: 0}
    - target: {fileID: 3949774260700316481, guid: 39b91b42522303049b5b2f0284dc6057,
        type: 3}
      propertyPath: m_AnchoredPosition.x
      value: 480
      objectReference: {fileID: 0}
    - target: {fileID: 3949774260700316481, guid: 39b91b42522303049b5b2f0284dc6057,
        type: 3}
      propertyPath: m_AnchoredPosition.y
      value: -200
      objectReference: {fileID: 0}
    - target: {fileID: 3949774260700316481, guid: 39b91b42522303049b5b2f0284dc6057,
        type: 3}
      propertyPath: m_SizeDelta.x
      value: 200
      objectReference: {fileID: 0}
    - target: {fileID: 3949774260700316481, guid: 39b91b42522303049b5b2f0284dc6057,
        type: 3}
      propertyPath: m_SizeDelta.y
      value: 300
      objectReference: {fileID: 0}
    - target: {fileID: 3949774260700316481, guid: 39b91b42522303049b5b2f0284dc6057,
        type: 3}
      propertyPath: m_AnchorMin.x
      value: 0
      objectReference: {fileID: 0}
    - target: {fileID: 3949774260700316481, guid: 39b91b42522303049b5b2f0284dc6057,
        type: 3}
      propertyPath: m_AnchorMin.y
      value: 1
      objectReference: {fileID: 0}
    - target: {fileID: 3949774260700316481, guid: 39b91b42522303049b5b2f0284dc6057,
        type: 3}
      propertyPath: m_AnchorMax.x
      value: 0
      objectReference: {fileID: 0}
    - target: {fileID: 3949774260700316481, guid: 39b91b42522303049b5b2f0284dc6057,
        type: 3}
      propertyPath: m_AnchorMax.y
      value: 1
      objectReference: {fileID: 0}
    - target: {fileID: 3949774260700316481, guid: 39b91b42522303049b5b2f0284dc6057,
        type: 3}
      propertyPath: m_Pivot.x
      value: 0.5
      objectReference: {fileID: 0}
    - target: {fileID: 3949774260700316481, guid: 39b91b42522303049b5b2f0284dc6057,
        type: 3}
      propertyPath: m_Pivot.y
      value: 0.5
      objectReference: {fileID: 0}
    - target: {fileID: 5993831925386845189, guid: 39b91b42522303049b5b2f0284dc6057,
        type: 3}
      propertyPath: m_AnchoredPosition.x
      value: 0.009483337
      objectReference: {fileID: 0}
    - target: {fileID: 6030045986647026609, guid: 39b91b42522303049b5b2f0284dc6057,
        type: 3}
      propertyPath: m_AnchoredPosition.x
      value: 0.009483337
      objectReference: {fileID: 0}
    m_RemovedComponents: []
  m_SourcePrefab: {fileID: 100100000, guid: 39b91b42522303049b5b2f0284dc6057, type: 3}
--- !u!1001 &4336032180727704268
PrefabInstance:
  m_ObjectHideFlags: 0
  serializedVersion: 2
  m_Modification:
    m_TransformParent: {fileID: 1542392363}
    m_Modifications:
    - target: {fileID: 5575890161497289715, guid: 9d9bc33c437cf2d4f90c11682106a1b7,
        type: 3}
      propertyPath: m_Name
      value: MedalsManager
      objectReference: {fileID: 0}
    - target: {fileID: 6701177682045319793, guid: 9d9bc33c437cf2d4f90c11682106a1b7,
        type: 3}
      propertyPath: m_LocalPosition.x
      value: 0
      objectReference: {fileID: 0}
    - target: {fileID: 6701177682045319793, guid: 9d9bc33c437cf2d4f90c11682106a1b7,
        type: 3}
      propertyPath: m_LocalPosition.y
      value: 0
      objectReference: {fileID: 0}
    - target: {fileID: 6701177682045319793, guid: 9d9bc33c437cf2d4f90c11682106a1b7,
        type: 3}
      propertyPath: m_LocalPosition.z
      value: 0
      objectReference: {fileID: 0}
    - target: {fileID: 6701177682045319793, guid: 9d9bc33c437cf2d4f90c11682106a1b7,
        type: 3}
      propertyPath: m_LocalRotation.x
      value: 0
      objectReference: {fileID: 0}
    - target: {fileID: 6701177682045319793, guid: 9d9bc33c437cf2d4f90c11682106a1b7,
        type: 3}
      propertyPath: m_LocalRotation.y
      value: 0
      objectReference: {fileID: 0}
    - target: {fileID: 6701177682045319793, guid: 9d9bc33c437cf2d4f90c11682106a1b7,
        type: 3}
      propertyPath: m_LocalRotation.z
      value: 0
      objectReference: {fileID: 0}
    - target: {fileID: 6701177682045319793, guid: 9d9bc33c437cf2d4f90c11682106a1b7,
        type: 3}
      propertyPath: m_LocalRotation.w
      value: 1
      objectReference: {fileID: 0}
    - target: {fileID: 6701177682045319793, guid: 9d9bc33c437cf2d4f90c11682106a1b7,
        type: 3}
      propertyPath: m_RootOrder
      value: 3
      objectReference: {fileID: 0}
    - target: {fileID: 6701177682045319793, guid: 9d9bc33c437cf2d4f90c11682106a1b7,
        type: 3}
      propertyPath: m_LocalEulerAnglesHint.x
      value: 0
      objectReference: {fileID: 0}
    - target: {fileID: 6701177682045319793, guid: 9d9bc33c437cf2d4f90c11682106a1b7,
        type: 3}
      propertyPath: m_LocalEulerAnglesHint.y
      value: 0
      objectReference: {fileID: 0}
    - target: {fileID: 6701177682045319793, guid: 9d9bc33c437cf2d4f90c11682106a1b7,
        type: 3}
      propertyPath: m_LocalEulerAnglesHint.z
      value: 0
      objectReference: {fileID: 0}
    m_RemovedComponents: []
  m_SourcePrefab: {fileID: 100100000, guid: 9d9bc33c437cf2d4f90c11682106a1b7, type: 3}
--- !u!4 &5278632239232075441 stripped
Transform:
  m_CorrespondingSourceObject: {fileID: 5278632239232075441, guid: f0ac7c85512f3cf4583c6dc35f1dc7ed,
    type: 3}
  m_PrefabInstance: {fileID: 7541014910121002636}
  m_PrefabAsset: {fileID: 0}
--- !u!4 &6701177682045319793 stripped
Transform:
  m_CorrespondingSourceObject: {fileID: 6701177682045319793, guid: 9d9bc33c437cf2d4f90c11682106a1b7,
    type: 3}
  m_PrefabInstance: {fileID: 4336032180727704268}
  m_PrefabAsset: {fileID: 0}
--- !u!1001 &6920795867189291755
PrefabInstance:
  m_ObjectHideFlags: 0
  serializedVersion: 2
  m_Modification:
    m_TransformParent: {fileID: 1542392363}
    m_Modifications:
    - target: {fileID: 2593629382833830751, guid: 79fc95742f8a15a42ada73eddcada504,
        type: 3}
      propertyPath: m_Name
      value: GameManager
      objectReference: {fileID: 0}
    - target: {fileID: 6171360071968492671, guid: 79fc95742f8a15a42ada73eddcada504,
        type: 3}
      propertyPath: m_LocalPosition.x
      value: -2.3039618
      objectReference: {fileID: 0}
    - target: {fileID: 6171360071968492671, guid: 79fc95742f8a15a42ada73eddcada504,
        type: 3}
      propertyPath: m_LocalPosition.y
      value: 1.2408428
      objectReference: {fileID: 0}
    - target: {fileID: 6171360071968492671, guid: 79fc95742f8a15a42ada73eddcada504,
        type: 3}
      propertyPath: m_LocalPosition.z
      value: 4.2350903
      objectReference: {fileID: 0}
    - target: {fileID: 6171360071968492671, guid: 79fc95742f8a15a42ada73eddcada504,
        type: 3}
      propertyPath: m_LocalRotation.x
      value: -0
      objectReference: {fileID: 0}
    - target: {fileID: 6171360071968492671, guid: 79fc95742f8a15a42ada73eddcada504,
        type: 3}
      propertyPath: m_LocalRotation.y
      value: -0
      objectReference: {fileID: 0}
    - target: {fileID: 6171360071968492671, guid: 79fc95742f8a15a42ada73eddcada504,
        type: 3}
      propertyPath: m_LocalRotation.z
      value: -0
      objectReference: {fileID: 0}
    - target: {fileID: 6171360071968492671, guid: 79fc95742f8a15a42ada73eddcada504,
        type: 3}
      propertyPath: m_LocalRotation.w
      value: 1
      objectReference: {fileID: 0}
    - target: {fileID: 6171360071968492671, guid: 79fc95742f8a15a42ada73eddcada504,
        type: 3}
      propertyPath: m_RootOrder
      value: 0
      objectReference: {fileID: 0}
    - target: {fileID: 6171360071968492671, guid: 79fc95742f8a15a42ada73eddcada504,
        type: 3}
      propertyPath: m_LocalEulerAnglesHint.x
      value: 0
      objectReference: {fileID: 0}
    - target: {fileID: 6171360071968492671, guid: 79fc95742f8a15a42ada73eddcada504,
        type: 3}
      propertyPath: m_LocalEulerAnglesHint.y
      value: 0
      objectReference: {fileID: 0}
    - target: {fileID: 6171360071968492671, guid: 79fc95742f8a15a42ada73eddcada504,
        type: 3}
      propertyPath: m_LocalEulerAnglesHint.z
      value: 0
      objectReference: {fileID: 0}
    m_RemovedComponents: []
  m_SourcePrefab: {fileID: 100100000, guid: 79fc95742f8a15a42ada73eddcada504, type: 3}
--- !u!4 &7411724766147378659 stripped
Transform:
  m_CorrespondingSourceObject: {fileID: 7411724766147378659, guid: 7036582291749e14bb527525cfb09eee,
    type: 3}
  m_PrefabInstance: {fileID: 7765767267804984715}
  m_PrefabAsset: {fileID: 0}
--- !u!1001 &7518423018897128333
PrefabInstance:
  m_ObjectHideFlags: 0
  serializedVersion: 2
  m_Modification:
    m_TransformParent: {fileID: 0}
    m_Modifications:
    - target: {fileID: 7518423018714756518, guid: d4ee308a16137e24cb3bd015d28de0a7,
        type: 3}
      propertyPath: m_Name
      value: Pools
      objectReference: {fileID: 0}
    - target: {fileID: 7518423018714756513, guid: d4ee308a16137e24cb3bd015d28de0a7,
        type: 3}
      propertyPath: m_LocalPosition.x
      value: 0
      objectReference: {fileID: 0}
    - target: {fileID: 7518423018714756513, guid: d4ee308a16137e24cb3bd015d28de0a7,
        type: 3}
      propertyPath: m_LocalPosition.y
      value: 0
      objectReference: {fileID: 0}
    - target: {fileID: 7518423018714756513, guid: d4ee308a16137e24cb3bd015d28de0a7,
        type: 3}
      propertyPath: m_LocalPosition.z
      value: 0
      objectReference: {fileID: 0}
    - target: {fileID: 7518423018714756513, guid: d4ee308a16137e24cb3bd015d28de0a7,
        type: 3}
      propertyPath: m_LocalRotation.x
      value: 0
      objectReference: {fileID: 0}
    - target: {fileID: 7518423018714756513, guid: d4ee308a16137e24cb3bd015d28de0a7,
        type: 3}
      propertyPath: m_LocalRotation.y
      value: 0
      objectReference: {fileID: 0}
    - target: {fileID: 7518423018714756513, guid: d4ee308a16137e24cb3bd015d28de0a7,
        type: 3}
      propertyPath: m_LocalRotation.z
      value: 0
      objectReference: {fileID: 0}
    - target: {fileID: 7518423018714756513, guid: d4ee308a16137e24cb3bd015d28de0a7,
        type: 3}
      propertyPath: m_LocalRotation.w
      value: 1
      objectReference: {fileID: 0}
    - target: {fileID: 7518423018714756513, guid: d4ee308a16137e24cb3bd015d28de0a7,
        type: 3}
      propertyPath: m_RootOrder
      value: 1
      objectReference: {fileID: 0}
    - target: {fileID: 7518423018714756513, guid: d4ee308a16137e24cb3bd015d28de0a7,
        type: 3}
      propertyPath: m_LocalEulerAnglesHint.x
      value: 0
      objectReference: {fileID: 0}
    - target: {fileID: 7518423018714756513, guid: d4ee308a16137e24cb3bd015d28de0a7,
        type: 3}
      propertyPath: m_LocalEulerAnglesHint.y
      value: 0
      objectReference: {fileID: 0}
    - target: {fileID: 7518423018714756513, guid: d4ee308a16137e24cb3bd015d28de0a7,
        type: 3}
      propertyPath: m_LocalEulerAnglesHint.z
      value: 0
      objectReference: {fileID: 0}
    m_RemovedComponents: []
  m_SourcePrefab: {fileID: 100100000, guid: d4ee308a16137e24cb3bd015d28de0a7, type: 3}
--- !u!1001 &7541014910121002636
PrefabInstance:
  m_ObjectHideFlags: 0
  serializedVersion: 2
  m_Modification:
    m_TransformParent: {fileID: 1542392363}
    m_Modifications:
    - target: {fileID: 6366663577940976651, guid: f0ac7c85512f3cf4583c6dc35f1dc7ed,
        type: 3}
      propertyPath: m_Name
      value: SaveManager
      objectReference: {fileID: 0}
    - target: {fileID: 5278632239232075441, guid: f0ac7c85512f3cf4583c6dc35f1dc7ed,
        type: 3}
      propertyPath: m_LocalPosition.x
      value: 0
      objectReference: {fileID: 0}
    - target: {fileID: 5278632239232075441, guid: f0ac7c85512f3cf4583c6dc35f1dc7ed,
        type: 3}
      propertyPath: m_LocalPosition.y
      value: 0
      objectReference: {fileID: 0}
    - target: {fileID: 5278632239232075441, guid: f0ac7c85512f3cf4583c6dc35f1dc7ed,
        type: 3}
      propertyPath: m_LocalPosition.z
      value: 0
      objectReference: {fileID: 0}
    - target: {fileID: 5278632239232075441, guid: f0ac7c85512f3cf4583c6dc35f1dc7ed,
        type: 3}
      propertyPath: m_LocalRotation.x
      value: 0
      objectReference: {fileID: 0}
    - target: {fileID: 5278632239232075441, guid: f0ac7c85512f3cf4583c6dc35f1dc7ed,
        type: 3}
      propertyPath: m_LocalRotation.y
      value: 0
      objectReference: {fileID: 0}
    - target: {fileID: 5278632239232075441, guid: f0ac7c85512f3cf4583c6dc35f1dc7ed,
        type: 3}
      propertyPath: m_LocalRotation.z
      value: 0
      objectReference: {fileID: 0}
    - target: {fileID: 5278632239232075441, guid: f0ac7c85512f3cf4583c6dc35f1dc7ed,
        type: 3}
      propertyPath: m_LocalRotation.w
      value: 1
      objectReference: {fileID: 0}
    - target: {fileID: 5278632239232075441, guid: f0ac7c85512f3cf4583c6dc35f1dc7ed,
        type: 3}
      propertyPath: m_RootOrder
      value: 2
      objectReference: {fileID: 0}
    - target: {fileID: 5278632239232075441, guid: f0ac7c85512f3cf4583c6dc35f1dc7ed,
        type: 3}
      propertyPath: m_LocalEulerAnglesHint.x
      value: 0
      objectReference: {fileID: 0}
    - target: {fileID: 5278632239232075441, guid: f0ac7c85512f3cf4583c6dc35f1dc7ed,
        type: 3}
      propertyPath: m_LocalEulerAnglesHint.y
      value: 0
      objectReference: {fileID: 0}
    - target: {fileID: 5278632239232075441, guid: f0ac7c85512f3cf4583c6dc35f1dc7ed,
        type: 3}
      propertyPath: m_LocalEulerAnglesHint.z
      value: 0
      objectReference: {fileID: 0}
    m_RemovedComponents: []
  m_SourcePrefab: {fileID: 100100000, guid: f0ac7c85512f3cf4583c6dc35f1dc7ed, type: 3}
--- !u!4 &7680224407696397167 stripped
Transform:
  m_CorrespondingSourceObject: {fileID: 1415973579305025708, guid: 567913c9adec9bd4dbfe270bbbf45f39,
    type: 3}
  m_PrefabInstance: {fileID: 8733375915240182723}
  m_PrefabAsset: {fileID: 0}
--- !u!1001 &7765767267804984715
PrefabInstance:
  m_ObjectHideFlags: 0
  serializedVersion: 2
  m_Modification:
    m_TransformParent: {fileID: 1542392363}
    m_Modifications:
    - target: {fileID: 1019810368908999043, guid: 7036582291749e14bb527525cfb09eee,
        type: 3}
      propertyPath: m_Name
      value: ScreenManager
      objectReference: {fileID: 0}
    - target: {fileID: 7411724766147378659, guid: 7036582291749e14bb527525cfb09eee,
        type: 3}
      propertyPath: m_LocalPosition.x
      value: 0
      objectReference: {fileID: 0}
    - target: {fileID: 7411724766147378659, guid: 7036582291749e14bb527525cfb09eee,
        type: 3}
      propertyPath: m_LocalPosition.y
      value: 0
      objectReference: {fileID: 0}
    - target: {fileID: 7411724766147378659, guid: 7036582291749e14bb527525cfb09eee,
        type: 3}
      propertyPath: m_LocalPosition.z
      value: 0
      objectReference: {fileID: 0}
    - target: {fileID: 7411724766147378659, guid: 7036582291749e14bb527525cfb09eee,
        type: 3}
      propertyPath: m_LocalRotation.x
      value: -0
      objectReference: {fileID: 0}
    - target: {fileID: 7411724766147378659, guid: 7036582291749e14bb527525cfb09eee,
        type: 3}
      propertyPath: m_LocalRotation.y
      value: -0
      objectReference: {fileID: 0}
    - target: {fileID: 7411724766147378659, guid: 7036582291749e14bb527525cfb09eee,
        type: 3}
      propertyPath: m_LocalRotation.z
      value: -0
      objectReference: {fileID: 0}
    - target: {fileID: 7411724766147378659, guid: 7036582291749e14bb527525cfb09eee,
        type: 3}
      propertyPath: m_LocalRotation.w
      value: 1
      objectReference: {fileID: 0}
    - target: {fileID: 7411724766147378659, guid: 7036582291749e14bb527525cfb09eee,
        type: 3}
      propertyPath: m_RootOrder
      value: 1
      objectReference: {fileID: 0}
    - target: {fileID: 7411724766147378659, guid: 7036582291749e14bb527525cfb09eee,
        type: 3}
      propertyPath: m_LocalEulerAnglesHint.x
      value: 0
      objectReference: {fileID: 0}
    - target: {fileID: 7411724766147378659, guid: 7036582291749e14bb527525cfb09eee,
        type: 3}
      propertyPath: m_LocalEulerAnglesHint.y
      value: 0
      objectReference: {fileID: 0}
    - target: {fileID: 7411724766147378659, guid: 7036582291749e14bb527525cfb09eee,
        type: 3}
      propertyPath: m_LocalEulerAnglesHint.z
      value: 0
      objectReference: {fileID: 0}
    m_RemovedComponents: []
  m_SourcePrefab: {fileID: 100100000, guid: 7036582291749e14bb527525cfb09eee, type: 3}
--- !u!224 &8014415119252928604 stripped
RectTransform:
  m_CorrespondingSourceObject: {fileID: 8014415119252928604, guid: 8fc32f09ece67e844b464ef3778abb81,
    type: 3}
  m_PrefabInstance: {fileID: 216352361195885491}
  m_PrefabAsset: {fileID: 0}
--- !u!1001 &8733375915240182723
PrefabInstance:
  m_ObjectHideFlags: 0
  serializedVersion: 2
  m_Modification:
    m_TransformParent: {fileID: 1542392363}
    m_Modifications:
    - target: {fileID: 159978254921533742, guid: 567913c9adec9bd4dbfe270bbbf45f39,
        type: 3}
      propertyPath: m_Name
      value: ChallengesManager
      objectReference: {fileID: 0}
    - target: {fileID: 1415973579305025708, guid: 567913c9adec9bd4dbfe270bbbf45f39,
        type: 3}
      propertyPath: m_LocalPosition.x
      value: 0
      objectReference: {fileID: 0}
    - target: {fileID: 1415973579305025708, guid: 567913c9adec9bd4dbfe270bbbf45f39,
        type: 3}
      propertyPath: m_LocalPosition.y
      value: 0
      objectReference: {fileID: 0}
    - target: {fileID: 1415973579305025708, guid: 567913c9adec9bd4dbfe270bbbf45f39,
        type: 3}
      propertyPath: m_LocalPosition.z
      value: 0
      objectReference: {fileID: 0}
    - target: {fileID: 1415973579305025708, guid: 567913c9adec9bd4dbfe270bbbf45f39,
        type: 3}
      propertyPath: m_LocalRotation.x
      value: 0
      objectReference: {fileID: 0}
    - target: {fileID: 1415973579305025708, guid: 567913c9adec9bd4dbfe270bbbf45f39,
        type: 3}
      propertyPath: m_LocalRotation.y
      value: 0
      objectReference: {fileID: 0}
    - target: {fileID: 1415973579305025708, guid: 567913c9adec9bd4dbfe270bbbf45f39,
        type: 3}
      propertyPath: m_LocalRotation.z
      value: 0
      objectReference: {fileID: 0}
    - target: {fileID: 1415973579305025708, guid: 567913c9adec9bd4dbfe270bbbf45f39,
        type: 3}
      propertyPath: m_LocalRotation.w
      value: 1
      objectReference: {fileID: 0}
    - target: {fileID: 1415973579305025708, guid: 567913c9adec9bd4dbfe270bbbf45f39,
        type: 3}
      propertyPath: m_RootOrder
      value: 4
      objectReference: {fileID: 0}
    - target: {fileID: 1415973579305025708, guid: 567913c9adec9bd4dbfe270bbbf45f39,
        type: 3}
      propertyPath: m_LocalEulerAnglesHint.x
      value: 0
      objectReference: {fileID: 0}
    - target: {fileID: 1415973579305025708, guid: 567913c9adec9bd4dbfe270bbbf45f39,
        type: 3}
      propertyPath: m_LocalEulerAnglesHint.y
      value: 0
      objectReference: {fileID: 0}
    - target: {fileID: 1415973579305025708, guid: 567913c9adec9bd4dbfe270bbbf45f39,
        type: 3}
      propertyPath: m_LocalEulerAnglesHint.z
      value: 0
      objectReference: {fileID: 0}
    m_RemovedComponents: []
  m_SourcePrefab: {fileID: 100100000, guid: 567913c9adec9bd4dbfe270bbbf45f39, type: 3}
--- !u!1001 &8776918709477084151
PrefabInstance:
  m_ObjectHideFlags: 0
  serializedVersion: 2
  m_Modification:
    m_TransformParent: {fileID: 0}
    m_Modifications:
    - target: {fileID: 1961843886586685512, guid: 8106bc311cd62674fb0d67c1edbcce09,
        type: 3}
      propertyPath: m_Name
      value: WorldCanvas_HighScoreGate
      objectReference: {fileID: 0}
    - target: {fileID: 6125882518468679287, guid: 8106bc311cd62674fb0d67c1edbcce09,
        type: 3}
      propertyPath: m_LocalPosition.x
      value: 0
      objectReference: {fileID: 0}
    - target: {fileID: 6125882518468679287, guid: 8106bc311cd62674fb0d67c1edbcce09,
        type: 3}
      propertyPath: m_LocalPosition.y
      value: 0
      objectReference: {fileID: 0}
    - target: {fileID: 6125882518468679287, guid: 8106bc311cd62674fb0d67c1edbcce09,
        type: 3}
      propertyPath: m_LocalPosition.z
      value: 36
      objectReference: {fileID: 0}
    - target: {fileID: 6125882518468679287, guid: 8106bc311cd62674fb0d67c1edbcce09,
        type: 3}
      propertyPath: m_LocalRotation.x
      value: 0
      objectReference: {fileID: 0}
    - target: {fileID: 6125882518468679287, guid: 8106bc311cd62674fb0d67c1edbcce09,
        type: 3}
      propertyPath: m_LocalRotation.y
      value: 0
      objectReference: {fileID: 0}
    - target: {fileID: 6125882518468679287, guid: 8106bc311cd62674fb0d67c1edbcce09,
        type: 3}
      propertyPath: m_LocalRotation.z
      value: 0
      objectReference: {fileID: 0}
    - target: {fileID: 6125882518468679287, guid: 8106bc311cd62674fb0d67c1edbcce09,
        type: 3}
      propertyPath: m_LocalRotation.w
      value: 1
      objectReference: {fileID: 0}
    - target: {fileID: 6125882518468679287, guid: 8106bc311cd62674fb0d67c1edbcce09,
        type: 3}
      propertyPath: m_RootOrder
      value: 4
      objectReference: {fileID: 0}
    - target: {fileID: 6125882518468679287, guid: 8106bc311cd62674fb0d67c1edbcce09,
        type: 3}
      propertyPath: m_LocalEulerAnglesHint.x
      value: 0
      objectReference: {fileID: 0}
    - target: {fileID: 6125882518468679287, guid: 8106bc311cd62674fb0d67c1edbcce09,
        type: 3}
      propertyPath: m_LocalEulerAnglesHint.y
      value: 0
      objectReference: {fileID: 0}
    - target: {fileID: 6125882518468679287, guid: 8106bc311cd62674fb0d67c1edbcce09,
        type: 3}
      propertyPath: m_LocalEulerAnglesHint.z
      value: 0
      objectReference: {fileID: 0}
    - target: {fileID: 6125882518468679287, guid: 8106bc311cd62674fb0d67c1edbcce09,
        type: 3}
      propertyPath: m_AnchoredPosition.x
      value: 0.006
      objectReference: {fileID: 0}
    - target: {fileID: 6125882518468679287, guid: 8106bc311cd62674fb0d67c1edbcce09,
        type: 3}
      propertyPath: m_AnchoredPosition.y
      value: -0.002
      objectReference: {fileID: 0}
    - target: {fileID: 6125882518468679287, guid: 8106bc311cd62674fb0d67c1edbcce09,
        type: 3}
      propertyPath: m_SizeDelta.x
      value: 1.6999
      objectReference: {fileID: 0}
    - target: {fileID: 6125882518468679287, guid: 8106bc311cd62674fb0d67c1edbcce09,
        type: 3}
      propertyPath: m_SizeDelta.y
      value: 1.6737
      objectReference: {fileID: 0}
    - target: {fileID: 6125882518468679287, guid: 8106bc311cd62674fb0d67c1edbcce09,
        type: 3}
      propertyPath: m_AnchorMin.x
      value: 0
      objectReference: {fileID: 0}
    - target: {fileID: 6125882518468679287, guid: 8106bc311cd62674fb0d67c1edbcce09,
        type: 3}
      propertyPath: m_AnchorMin.y
      value: 0
      objectReference: {fileID: 0}
    - target: {fileID: 6125882518468679287, guid: 8106bc311cd62674fb0d67c1edbcce09,
        type: 3}
      propertyPath: m_AnchorMax.x
      value: 0
      objectReference: {fileID: 0}
    - target: {fileID: 6125882518468679287, guid: 8106bc311cd62674fb0d67c1edbcce09,
        type: 3}
      propertyPath: m_AnchorMax.y
      value: 0
      objectReference: {fileID: 0}
    - target: {fileID: 6125882518468679287, guid: 8106bc311cd62674fb0d67c1edbcce09,
        type: 3}
      propertyPath: m_Pivot.x
      value: 0.5
      objectReference: {fileID: 0}
    - target: {fileID: 6125882518468679287, guid: 8106bc311cd62674fb0d67c1edbcce09,
        type: 3}
      propertyPath: m_Pivot.y
      value: 0.5
      objectReference: {fileID: 0}
    m_RemovedComponents: []
  m_SourcePrefab: {fileID: 100100000, guid: 8106bc311cd62674fb0d67c1edbcce09, type: 3}
